<?xml version="1.0" encoding="UTF-8"?><collection xmlns="http://www.loc.gov/MARC21/slim"><record><leader>00543nam--2200205-i-4500</leader><controlfield tag="001">000020703</controlfield><controlfield tag="002">20161230</controlfield><controlfield tag="005">20161230201033</controlfield><controlfield tag="008">060222s1000------------r-----000-0-eng-d</controlfield><datafield ind1=" " ind2=" " tag="020"><subfield code="a">981-02-1</subfield></datafield><datafield ind1=" " ind2=" " tag="040"><subfield code="a">IFIN-HH</subfield></datafield><datafield ind1=" " ind2=" " tag="080"><subfield code="a">517.957</subfield></datafield><datafield ind1=" " ind2=" " tag="100"><subfield code="a">Pickover,Clifford A.(ed.)</subfield></datafield><datafield ind1=" " ind2=" " tag="245"><subfield code="a">The patern book . fractal, art and nature</subfield></datafield><datafield ind1=" " ind2=" " tag="260"><subfield code="a">LONDON, WORLD SCIENTIFIC, 1995. 427p</subfield></datafield><datafield ind1=" " ind2=" " tag="504"><subfield code="a">Includes Index</subfield></datafield><datafield ind1=" " ind2=" " tag="650"><subfield code="a">Computer Grapics</subfield></datafield><datafield ind1=" " ind2=" " tag="700"><subfield code="a">Clifford A. Pickover</subfield></datafield><datafield ind1=" " ind2=" " tag="852"><subfield code="a">80597</subfield><subfield code="c">517.9</subfield></datafield><datafield ind1=" " ind2=" " tag="CAT"><subfield code="a">Sys</subfield><subfield code="c">20090610</subfield><subfield code="h">073159</subfield></datafield></record></collection>